@INPROCEEDINGS{Liu,
  author={Liu, Juan and Mao, Yuyi and Zhang, Jun and Letaief, Khaled B.},
  booktitle={2016 IEEE International Symposium on Information Theory (ISIT)}, 
  title={Delay-optimal computation task scheduling for mobile-edge computing systems}, 
  year={2016},
  volume={},
  number={},
  pages={1451-1455},
  doi={10.1109/ISIT.2016.7541539}}